<record><leader>00000cas a2200000 a 4500</leader><controlfield tag="001">17164287</controlfield><controlfield tag="008">871203d18731874nyuwr ne      0    0eng c</controlfield><datafield ind1=" " ind2=" " tag="010"><subfield code="a">sn 87070445 </subfield></datafield><datafield ind1=" " ind2=" " tag="040"><subfield code="a">NYS</subfield><subfield code="b">eng</subfield><subfield code="c">NYS</subfield><subfield code="d">OCLCQ</subfield><subfield code="d">NYS</subfield><subfield code="d">OCLCQ</subfield><subfield code="d">OCLCF</subfield><subfield code="d">OCLCO</subfield></datafield><datafield ind1="1" ind2=" " tag="029"><subfield code="a">AU@</subfield><subfield code="b">000025798506</subfield></datafield><datafield ind1=" " ind2=" " tag="042"><subfield code="a">pcc</subfield></datafield><datafield ind1=" " ind2=" " tag="043"><subfield code="a">n-us-ny</subfield></datafield><datafield ind1="0" ind2=" " tag="130"><subfield code="a">Enterprise (Lansingburgh, N.Y.)</subfield></datafield><datafield ind1="1" ind2="4" tag="245"><subfield code="a">The enterprise.</subfield></datafield><datafield ind1=" " ind2=" " tag="260"><subfield code="a">Lansingburgh, N.Y. :</subfield><subfield code="b">E.D. Ayres</subfield></datafield><datafield ind1=" " ind2=" " tag="300"><subfield code="a">v.</subfield></datafield><datafield ind1=" " ind2=" " tag="310"><subfield code="a">Weekly</subfield></datafield><datafield ind1="1" ind2=" " tag="362"><subfield code="a">Began in 1873; ceased in 1874.</subfield></datafield><datafield ind1=" " ind2=" " tag="588"><subfield code="a">Description based on: Vol. 3, no. 1 (Nov. 29, 1873).</subfield></datafield><datafield ind1=" " ind2="0" tag="651"><subfield code="a">Troy (N.Y.)</subfield><subfield code="v">Newspapers.</subfield></datafield><datafield ind1=" " ind2="0" tag="651"><subfield code="a">Lansingburgh (N.Y.)</subfield><subfield code="v">Newspapers.</subfield></datafield><datafield ind1=" " ind2="7" tag="655"><subfield code="a">Newspapers.</subfield><subfield code="2">fast</subfield><subfield code="0">(OCoLC)fst01423814</subfield></datafield><datafield ind1=" " ind2="7" tag="651"><subfield code="a">New York (State)</subfield><subfield code="z">Lansingburgh.</subfield><subfield code="2">fast</subfield><subfield code="0">(OCoLC)fst01215781</subfield></datafield><datafield ind1=" " ind2="7" tag="651"><subfield code="a">New York (State)</subfield><subfield code="z">Troy.</subfield><subfield code="2">fast</subfield><subfield code="0">(OCoLC)fst01202806</subfield></datafield><datafield ind1=" " ind2=" " tag="752"><subfield code="a">United States</subfield><subfield code="b">New York</subfield><subfield code="c">Rensselaer</subfield><subfield code="d">Troy.</subfield></datafield><datafield ind1=" " ind2=" " tag="752"><subfield code="a">United States</subfield><subfield code="b">New York</subfield><subfield code="c">Rensselaer</subfield><subfield code="d">Lansingburgh.</subfield></datafield><datafield ind1="0" ind2="0" tag="780"><subfield code="t">Our little paper</subfield><subfield code="w">(DLC)sn 87028307</subfield></datafield><datafield ind1="0" ind2="0" tag="785"><subfield code="t">Our little paper (Brooklyn, N.Y.)</subfield><subfield code="w">(DLC)  2004060400</subfield><subfield code="w">(OCoLC)55967328</subfield></datafield></record>